
@article{bogdanov2006average,
  title={Average-case complexity},
  author={Bogdanov, Andrej and Trevisan, Luca and others},
  journal={Foundations and Trends{\textregistered} in Theoretical Computer Science},
  volume={2},
  number={1},
  pages={1--106},
  year={2006},
  publisher={Now Publishers, Inc.}
}
@misc{toughsat,
	title = {{ToughSAT} {Generation}},
	howpublished = {Available online at
\href{https://toughsat.appspot.com/}{\tt https://toughsat.appspot.com/}},
	urldate = {2016-01-29},
}

@misc{burdick_triangles_6_vertex,
  title={Finding triangles in 6-vertex graphs requires 21 NAND gates},
  howpublished = {Available online
at \\
\href{http://www.cs.umd.edu/~gasarch/BLOGPAPERS/burdick1.pdf}
{{\tt http://www.cs.umd.edu/$\sim$gasarch/BLOGPAPERS/burdick1.pdf}}
 (part 1) and \\
\href{http://www.cs.umd.edu/~gasarch/BLOGPAPERS/burdick2.pdf} 
{{\tt http://www.cs.umd.edu/$\sim$gasarch/BLOGPAPERS/burdick2.pdf}}
(part 2)}}

@misc{aaronson_pnp,
  author = {Scott Aaronson},
  title={P ?= {NP}},
  howpublished = {Available online at
\href{http://www.scottaaronson.com/papers/pnp.pdf}{{\tt http://www.scottaaronson.com/papers/pnp.pdf}}
}

@MISC{Razborov85lowerbounds,
	author = {A. A. Razborov},
	title = {Lower Bounds on the Monotone Complexity of some Boolean Functions. {Dokl. Akad}},
	year = {1985}
}

@article{hastad_clique_1999,
	title = {Clique is hard to approximate within $n^{1-\epsilon}$},
	volume = {182},
	issn = {0001-5962, 1871-2509},
	url = {http://link.springer.com/article/10.1007/BF02392825},
	doi = {10.1007/BF02392825},
	language = {en},
	number = {1},
	urldate = {2016-01-29},
	journal = {Acta Mathematica},
	author = {H\u{a}stad, Johan},
	month = mar,
	year = {1999},
	keywords = {Mathematics, general},
	pages = {105--142}
}

@incollection{een_extensible_2003,
	series = {Lecture {Notes} in {Computer} {Science}},
	title = {An {Extensible} {SAT}-solver},
	isbn = {978-3-540-20851-8 978-3-540-24605-3},
	url = {http://link.springer.com/chapter/10.1007/978-3-540-24605-3_37},
	language = {en},
	number = {2919},
	urldate = {2016-04-05},
	booktitle = {Theory and {Applications} of {Satisfiability} {Testing}},
	publisher = {Springer Berlin Heidelberg},
	author = {E\'en, Niklas and S\"orensson, Niklas},
	editor = {Giunchiglia, Enrico and Tacchella, Armando},
	month = may,
	year = {2003},
	note = {DOI: 10.1007/978-3-540-24605-3\_37},
	keywords = {Algorithm Analysis and Problem Complexity, Artificial Intelligence (incl. Robotics), Mathematical Logic and Formal Languages, Mathematical Logic and Foundations, Numeric Computing},
	pages = {502--518},
	file = {Snapshot:/home/jburdick/.mozilla/firefox/lhcmll9t.default/zotero/storage/RFBGUAZX/10.html:text/html}
}



@inproceedings{williams_multiplying_2012,
	title = {Multiplying matrices faster than {Coppersmith-Winograd}},
	abstract = {We develop new tools for analyzing matrix multiplication constructions similar to the Coppersmith-Winograd construction, and obtain a new improved bound on Ï‰ {\textless} 2.3727. 1},
	booktitle = {In {Proc}. 44th {ACM} {Symposium} on {Theory} of {Computation}},
	author = {Williams, Virginia Vassilevska},
	year = {2012},
	pages = {887--898},
	file = {Citeseer - Full Text PDF:/home/jburdick/.mozilla/firefox/lhcmll9t.default/zotero/storage/NGEPXRKJ/Williams - 2012 - Multiplying matrices faster than coppersmith-winog.pdf:application/pdf;Citeseer - Snapshot:/home/jburdick/.mozilla/firefox/lhcmll9t.default/zotero/storage/ZF7JAZEV/summary.html:text/html}
}


@article{abboud_popular_2014,
	title = {Popular conjectures imply strong lower bounds for dynamic problems},
	url = {http://arxiv.org/abs/1402.0054},
	abstract = {We consider several well-studied problems in dynamic algorithms and prove that sufficient progress on any of them would imply a breakthrough on one of five major open problems in the theory of algorithms: 1. Is the 3SUM problem on \$n\$ numbers in \$O(n{\textasciicircum}\{2-{\textbackslash}epsilon\})\$ time for some \${\textbackslash}epsilon{\textgreater}0\$? 2. Can one determine the satisfiability of a CNF formula on \$n\$ variables in \$O((2-{\textbackslash}epsilon){\textasciicircum}n poly n)\$ time for some \${\textbackslash}epsilon{\textgreater}0\$? 3. Is the All Pairs Shortest Paths problem for graphs on \$n\$ vertices in \$O(n{\textasciicircum}\{3-{\textbackslash}epsilon\})\$ time for some \${\textbackslash}epsilon{\textgreater}0\$? 4. Is there a linear time algorithm that detects whether a given graph contains a triangle? 5. Is there an \$O(n{\textasciicircum}\{3-{\textbackslash}epsilon\})\$ time combinatorial algorithm for \$n{\textbackslash}times n\$ Boolean matrix multiplication? The problems we consider include dynamic versions of bipartite perfect matching, bipartite maximum weight matching, single source reachability, single source shortest paths, strong connectivity, subgraph connectivity, diameter approximation and some nongraph problems such as Pagh's problem defined in a recent paper by Patrascu [STOC 2010].},
	urldate = {2016-03-03},
	journal = {arXiv:1402.0054 [cs]},
	author = {Abboud, Amir and Williams, Virginia Vassilevska},
	month = feb,
	year = {2014},
	note = {arXiv: 1402.0054},
	keywords = {Computer Science - Computational Complexity, Computer Science - Data Structures and Algorithms},
	file = {arXiv\:1402.0054 PDF:/home/jburdick/.mozilla/firefox/lhcmll9t.default/zotero/storage/I8Q55IP4/Abboud and Williams - 2014 - Popular conjectures imply strong lower bounds for .pdf:application/pdf;arXiv.org Snapshot:/home/jburdick/.mozilla/firefox/lhcmll9t.default/zotero/storage/U72D9MX6/1402.html:text/html}
}

@article{strassen_gaussian_1969,
	title = {Gaussian elimination is not optimal},
	volume = {13},
	issn = {0029-599X, 0945-3245},
	url = {http://link.springer.com/article/10.1007/BF02165411},
	doi = {10.1007/BF02165411},
	language = {en},
	number = {4},
	urldate = {2016-04-06},
	journal = {Numerische Mathematik},
	author = {Strassen, Volker},
	month = aug,
	year = {1969},
	keywords = {Appl.Mathematics/Computational Methods of Engineering, Mathematical and Computational Physics, Mathematical Methods in Physics, Mathematics, general, Numerical Analysis, Numerical and Computational Methods},
	pages = {354--356},
	file = {Snapshot:/home/jburdick/.mozilla/firefox/lhcmll9t.default/zotero/storage/4U2CQQVD/10.html:text/html}
}


@inproceedings{impagliazzo_complexity_1999,
	address = {Los Alamitos, CA, USA},
	title = {The {Complexity} of k-{SAT}},
	volume = {0},
	doi = {10.1109/CCC.1999.766282},
	booktitle = {2012 {IEEE} 27th {Conference} on {Computational} {Complexity}},
	publisher = {IEEE Computer Society},
	author = {Impagliazzo, Russell and Paturi, Ramamohan},
	year = {1999},
	pages = {237},
	annote = {Complete PDF document was either not available or accessible. Please make sure you're logged in to the digital library to retrieve the complete PDF document.},
	file = {IEEE Computer Snapshot:/home/jburdick/.mozilla/firefox/lhcmll9t.default/zotero/storage/7HREZZDM/00750237-abs.html:text/html}
}

@inproceedings{itai_finding_1977,
	address = {New York, NY, USA},
	series = {{STOC} '77},
	title = {Finding a {Minimum} {Circuit} in a {Graph}},
	url = {http://doi.acm.org/10.1145/800105.803390},
	doi = {10.1145/800105.803390},
	abstract = {Finding minimum circuits in graphs and digraphs is discussed. An almost minimum circuit is a circuit which may have only one edge more than the minimum. An 0(n2) algorithm is presented to find an almost minimum circuit. The straightforward algorithm for finding a minimum circuit has an 0(ne) behavior. It is refined to yield an 0(n2) average time algorithm. An alternative method is to reduce the problem of finding a minimum circuit to that of finding a triangle in an auxiliary graph. Three methods for finding a triangle in a graph are presented. The first has an 0(e3/2) worst case bound ((n) for planar graphs); the second takes 0(n5/3) time on the average; the third has an 0(nlog7) worst case behavior. For digraphs, recent results of Bloniarz, Fisher and Meyer are used to obtain an algorithm with 0(n2logn) average behavior.},
	urldate = {2016-04-07},
	booktitle = {Proceedings of the {Ninth} {Annual} {ACM} {Symposium} on {Theory} of {Computing}},
	publisher = {ACM},
	author = {Itai, Alon and Rodeh, Michael},
	year = {1977},
	pages = {1--10},
	file = {ACM Full Text PDF:/home/jburdick/.mozilla/firefox/lhcmll9t.default/zotero/storage/N8GC9NST/Itai and Rodeh - 1977 - Finding a Minimum Circuit in a Graph.pdf:application/pdf}
}



@article{shannon_synthesis_1949,
	title = {The Synthesis of Two-Terminal Switching Circuits},
	volume = {28},
	issn = {1538-7305},
	url = {http://onlinelibrary.wiley.com/doi/10.1002/j.1538-7305.1949.tb03624.x/abstract},
	doi = {10.1002/j.1538-7305.1949.tb03624.x},
	pages = {59--98},
	number = {1},
	journal = {Bell System Technical Journal},
	author = {Shannon, Claude E},
	urldate = {2017-01-08},
	date = {1949-01-01},
	langid = {english},
	year = {1949},
	file = {Snapshot:/home/jburdick/.mozilla/firefox/lhcmll9t.default/zotero/storage/QPPHFNIH/abstract.html:text/html}
}

@article{keevash2011hypergraph,
  title={Hypergraph {Tur{\'a}n} problems},
  author={Keevash, Peter},
  journal={Surveys in combinatorics},
  volume={392},
  pages={83--140},
  year={2011},
  publisher={Cambridge University Press}
}

@article{turan1941external,
  title={On an external problem in graph theory},
  author={Tur{\'a}n, Paul},
  journal={Mat. Fiz. Lapok},
  volume={48},
  pages={436--452},
  year={1941}
}


@inproceedings{bollobas1976cliques,
  title={Cliques in random graphs},
  author={Bollob{\'a}s, B{\'e}la and Erd{\H{o}}s, Paul},
  booktitle={Mathematical Proceedings of the Cambridge Philosophical Society},
  volume={80},
  number={3},
  pages={419--427},
  year={1976},
  organization={Cambridge University Press}
}

@book{hennessy2011computer,
  title={Computer architecture: a quantitative approach},
  author={Hennessy, John L and Patterson, David A},
  year={2011},
  publisher={Elsevier}
}

@book{ross2006first,
  title={A first course in probability},
  author={Ross, Sheldon},
  year={2006},
  publisher={Pearson}
}

@article{bollobas1993clique,
  title={Clique coverings of the edges of a random graph},
  author={Bollob{\'a}s, B{\'e}la and Erd{\H{o}}s, Paul and Spencer, Joel and West, Douglas B},
  journal={Combinatorica},
  volume={13},
  number={1},
  pages={1--5},
  year={1993},
  publisher={Springer}
}

@article{chvatal1979greedy,
  title={A greedy heuristic for the set-covering problem},
  author={Chvatal, Vasek},
  journal={Mathematics of operations research},
  volume={4},
  number={3},
  pages={233--235},
  year={1979},
  publisher={INFORMS}
}

@incollection{karp1972reducibility,
  title={Reducibility among combinatorial problems},
  author={Karp, Richard M},
  booktitle={Complexity of computer computations},
  pages={85--103},
  year={1972},
  publisher={Springer}
}

@inproceedings{subbotovskaya1963comparison,
  title={Comparison of bases for the realization by formulas of functions of an algebra of logic},
  author={Subbotovskaya, Bella Abramovna},
  booktitle={Doklady Akademii Nauk},
  volume={149},
  issue={4},
  pages={784--787},
  year={1963},
  organization={Russian Academy of Sciences}
}

@misc{hastad1987lower,
  title={Lower bounds for the size of parity circuits},
  author={H{\aa}stad, Johan},
  year={1987},
  publisher={MIT}
}

@article{fenner1996complexity,
  title={Complexity Theory Newsflash},
  author={Fenner, Stephen A and Fortnow, Lance J and Gasarch, William J},
  journal={ACM SIGACT News},
  volume={27},
  number={3},
  pages={126},
  year={1996},
  publisher={ACM New York, NY, USA}
}

@misc{rossmanRestrictions,
  author={Benjamin Rossman},
  title = {Restriction-Based Methods},
  howpublished = {\url{https://simons.berkeley.edu/sites/default/files/docs/10142/restrictionmethods.pdf}},
  note = {Accessed: {2020â€“09-02}}
}

@inproceedings{iwama2002explicit,
  title={An explicit lower bound of 5 n- o (n) for Boolean circuits},
  author={Iwama, Kazuo and Morizumi, Hiroki},
  booktitle={Mathematical Foundations of Computer Science 2002: 27th International Symposium, MFCS 2002 Warsaw, Poland, August 26--30, 2002 Proceedings 27},
  pages={353--364},
  year={2002},
  organization={Springer}
}

@inproceedings{razborov1994natural,
  title={Natural proofs},
  author={Razborov, Alexander A and Rudich, Steven},
  booktitle={Proceedings of the twenty-sixth annual ACM symposium on Theory of computing},
  pages={204--213},
  year={1994}
}

@misc{r_williams_blog_comment,   
    title = {Comment on {\em Computational Complexity} blog},   
    url = {https://blog.computationalcomplexity.org/2007/05/godel-prize-natural-proofs-my-2-cents.html?showComment=1179366960000#c6399478992242956528},
    author = {Ryan Williams},
    year = {2007},   
    note = {Accessed on July 8, 2023} 
}


